<?xml version="1.0" encoding="UTF-8"?><collection xmlns="http://www.loc.gov/MARC21/slim"><record><leader>00636nam--2200169-i-4500</leader><controlfield tag="001">000043523</controlfield><controlfield tag="002">20161230</controlfield><controlfield tag="005">20161230201044</controlfield><controlfield tag="008">060222s1000------------r-----000-0-eng-d</controlfield><datafield ind1=" " ind2=" " tag="040"><subfield code="a">IFIN-HH</subfield></datafield><datafield ind1=" " ind2=" " tag="080"><subfield code="a">53</subfield></datafield><datafield ind1="1" ind2=" " tag="100"><subfield code="a">Hilsenrath , J</subfield></datafield><datafield ind1="1" ind2="0" tag="245"><subfield code="a">Tables of thermal properties of gases. comprising tables of thermodynamic and transport properties of air, argon, carbon, dioxide, carbon monoxide hydrogen, nitrogen, ozygen and steam. national bureau of standards circular 564</subfield><subfield code="c">J. hilsenrath</subfield></datafield><datafield ind1=" " ind2=" " tag="260"><subfield code="a">Washington</subfield><subfield code="b">National Bureau Of Standards</subfield><subfield code="c">1955</subfield></datafield><datafield ind1=" " ind2=" " tag="300"><subfield code="a">X+488 P</subfield></datafield><datafield ind1=" " ind2=" " tag="852"><subfield code="a">12150</subfield><subfield code="c">53.081</subfield></datafield><datafield ind1=" " ind2=" " tag="CAT"><subfield code="a">Sys</subfield><subfield code="c">20151110</subfield><subfield code="h">144738</subfield></datafield></record></collection>